<?xml version="1.0" encoding="UTF-8"?><collection xmlns="http://www.loc.gov/MARC21/slim"><record><leader>00425nam--2200145-i-4500</leader><controlfield tag="001">000021686</controlfield><controlfield tag="002">20161230</controlfield><controlfield tag="005">20170113003234</controlfield><controlfield tag="008">060222s1000------------r-----000-0-eng-d</controlfield><datafield ind1=" " ind2=" " tag="100"><subfield code="a">Hosang, Walter</subfield></datafield><datafield ind1=" " ind2=" " tag="245"><subfield code="a">Krafte im kern. Atomphysikalische erkenntnise und anwendungen</subfield></datafield><datafield ind1=" " ind2=" " tag="260"><subfield code="a">Leipzig</subfield><subfield code="b">Verlag Ffur Popularwiss. Literatur</subfield><subfield code="c">1957</subfield></datafield><datafield ind1=" " ind2=" " tag="300"><subfield code="a">179 p., 40 fig., 7 tabele</subfield></datafield><datafield ind1=" " ind2=" " tag="852"><subfield code="a">6824</subfield></datafield><datafield ind1=" " ind2=" " tag="CAT"><subfield code="a">SYS</subfield><subfield code="c">20170113</subfield><subfield code="h">003234</subfield></datafield></record></collection>